@article{fruchterman1991graph,
  title={Graph drawing by force-directed placement},
  author={Fruchterman, Thomas MJ and Reingold, Edward M},
  journal={Software: Practice and experience},
  volume={21},
  number={11},
  pages={1129--1164},
  year={1991},
  publisher={Wiley Online Library}
}

@inproceedings{harel2000fast,
  title={A fast multi-scale method for drawing large graphs},
  author={Harel, David and Koren, Yehuda},
  booktitle={International symposium on graph drawing},
  pages={183--196},
  year={2000},
  organization={Springer}
}

@article{koren2003drawing,
  title={Drawing huge graphs by algebraic multigrid optimization},
  author={Koren, Yehuda and Carmel, Liran and Harel, David},
  journal={Multiscale Modeling \& Simulation},
  volume={1},
  number={4},
  pages={645--673},
  year={2003},
  publisher={SIAM}
}

@inproceedings{hachul2004drawing,
  title={Drawing large graphs with a potential-field-based multilevel algorithm},
  author={Hachul, Stefan and J{\"u}nger, Michael},
  booktitle={International Symposium on Graph Drawing},
  pages={285--295},
  year={2004},
  organization={Springer}
}

@article{article,
author = {Di Giacomo, Emilio and Didimo, Walter and Liotta, Giuseppe and Montecchiani, Fabrizio},
year = {2013},
month = {10},
pages = {909â€“916},
title = {Area requirement of graph drawings with few crossings per edge},
volume = {46},
booktitle = {Computational Geometry}
}

@inproceedings{mcpherson2005discovering,
  title={Discovering parametric clusters in social small-world graphs},
  author={McPherson, Jonathan and Ma, Kwan-Liu and Ogawa, Michael},
  booktitle={Proceedings of the 2005 ACM symposium on Applied computing},
  pages={1231--1238},
  year={2005},
  organization={ACM}
}

@inproceedings{noack2003energy,
  title={An energy model for visual graph clustering},
  author={Noack, Andreas},
  booktitle={International symposium on graph drawing},
  pages={425--436},
  year={2003},
  organization={Springer}
}

@article{van2004interactive,
  title={Interactive visualization of small world graphs},
  author={Van Ham, Frank and Van Wijk, Jarke J},
  year={2004},
  publisher={IEEE}
}

@incollection{eades2004navigating,
  title={Navigating clustered graphs using force-directed methods},
  author={Eades, Peter and Huang, Mao Lin},
  booktitle={Graph Algorithms And Applications 2},
  pages={191--215},
  year={2004},
  publisher={World Scientific}
}

@inproceedings{bourqui2007draw,
  title={How to draw clusteredweighted graphs using a multilevel force-directed graph drawing algorithm},
  author={Bourqui, Romain and Auber, David and Mary, Patrick},
  booktitle={Information Visualization, 2007. IV'07. 11th International Conference},
  pages={757--764},
  year={2007},
  organization={IEEE}
}

@article{Vehlow2017VisualizingGS,
  title={Visualizing Group Structures in Graphs: A Survey},
  author={Corinna Vehlow and Fabian Beck and Daniel Weiskopf},
  journal={Comput. Graph. Forum},
  year={2017},
  volume={36},
  pages={201-225}
}

@inproceedings{rodrigues2011group,
  title={Group-in-a-Box layout for multi-faceted analysis of communities},
  author={Rodrigues, Eduarda Mendes and Milic-Frayling, Natasa and Smith, Marc and Shneiderman, Ben and Hansen, Derek},
  booktitle={Privacy, Security, Risk and Trust (PASSAT) and 2011 IEEE Third Inernational Conference on Social Computing (SocialCom), 2011 IEEE Third International Conference on},
  pages={354--361},
  year={2011},
  organization={IEEE}
}

@inproceedings{chaturvedi2014group,
  title={Group-in-a-Box Meta-Layouts for Topological Clusters and Attribute-Based Groups: Space-Efficient Visualizations of Network Communities and Their Ties},
  author={Chaturvedi, Snigdha and Dunne, Cody and Ashktorab, Zahra and Zachariah, R and Shneiderman, Ben},
  booktitle={Computer Graphics Forum},
  volume={33},
  number={8},
  pages={52--68},
  year={2014},
  organization={Wiley Online Library}
}

@inproceedings{onoue2017optimal,
  title={Optimal tree reordering for group-in-a-box graph layouts},
  author={Onoue, Yosuke and Koyamada, Koji},
  booktitle={SIGGRAPH Asia 2017 Symposium on Visualization},
  pages={13},
  year={2017},
  organization={ACM}
}

@article{burch2011evaluation,
  title={Evaluation of traditional, orthogonal, and radial tree diagrams by an eye tracking study},
  author={Burch, Michael and Konevtsova, Natalia and Heinrich, Julian and Hoeferlin, Markus and Weiskopf, Daniel},
  journal={IEEE Transactions on Visualization and Computer Graphics},
  volume={17},
  number={12},
  pages={2440--2448},
  year={2011},
  publisher={IEEE}
}

@ARTICLE{7539393,
author={R. Netzel and M. Hlawatsch and M. Burch and S. Balakrishnan and H. Schmauder and D. Weiskopf},
journal={IEEE Transactions on Visualization and Computer Graphics},
title={An Evaluation of Visual Search Support in Maps},
year={2017},
volume={23},
number={1},
pages={421-430},
keywords={cartography;data analysis;data visualisation;visual search support;geographic maps;schematic maps;controlled eye-tracking study;map annotation;within-image annotations;grid reference annotation;directional annotation;miniature annotation;eye-movement data analysis;visual task solution strategies;visual annotations;map visualisation;Visualization;Search problems;Two dimensional displays;Indexes;Urban areas;Gaze tracking;Data visualization;Visual search;laboratory study;eye tracking;map visualization},
doi={10.1109/TVCG.2016.2598898},
ISSN={1077-2626},
month={Jan},}

@article{netzel2014comparative,
  title={Comparative eye tracking study on node-link visualizations of trajectories},
  author={Netzel, Rudolf and Burch, Michel and Weiskopf, Daniel},
  journal={IEEE transactions on visualization and computer graphics},
  volume={20},
  number={12},
  pages={2221--2230},
  year={2014},
  publisher={IEEE}
}

@article{jianu2014display,
  title={How to display group information on node-link diagrams: an evaluation},
  author={Jianu, Radu and Rusu, Adrian and Hu, Yifan and Taggart, Douglas},
  journal={IEEE Transactions on Visualization and Computer Graphics},
  volume={20},
  number={11},
  pages={1530--1541},
  year={2014},
  publisher={IEEE}
}

@inproceedings{pohl2009comparing,
  title={Comparing the Readability of Graph Layouts using Eyetracking and Task-oriented Analysis.},
  author={Pohl, Mathias and Schmitt, Markus and Diehl, Stephan},
  booktitle={Computational Aesthetics},
  pages={49--56},
  year={2009}
}

@article{andrienko2012visual,
  title={Visual analytics methodology for eye movement studies},
  author={Andrienko, Gennady and Andrienko, Natalia and Burch, Michael and Weiskopf, Daniel},
  journal={IEEE Transactions on Visualization and Computer Graphics},
  volume={18},
  number={12},
  pages={2889--2898},
  year={2012},
  publisher={IEEE}
}

@inproceedings{kurzhals2014evaluating,
  title={Evaluating visual analytics with eye tracking},
  author={Kurzhals, Kuno and Fisher, Brian and Burch, Michael and Weiskopf, Daniel},
  booktitle={Proceedings of the Fifth Workshop on Beyond Time and Errors: Novel Evaluation Methods for Visualization},
  pages={61--69},
  year={2014},
  organization={ACM}
}

@article{duchowski2007eye,
  title={Eye tracking methodology},
  author={Duchowski, Andrew T},
  journal={Theory and practice},
  volume={328},
  year={2007},
  publisher={Springer}
}

@article{saket2014group,
  title={Group-level graph visualization taxonomy},
  author={Saket, Bahador and Simonetto, Paolo and Kobourov, Stephen},
  journal={arXiv preprint arXiv:1403.7421},
  year={2014}
}

@incollection{bruls2000squarified,
  title={Squarified treemaps},
  author={Bruls, Mark and Huizing, Kees and Van Wijk, Jarke J},
  booktitle={Data visualization 2000},
  pages={33--42},
  year={2000},
  publisher={Springer}
}

@inproceedings{gansner2008efficient,
  title={Efficient node overlap removal using a proximity stress model},
  author={Gansner, Emden R and Hu, Yifan},
  booktitle={International Symposium on Graph Drawing},
  pages={206--217},
  year={2008},
  organization={Springer}
}

@inproceedings{harel2002graph,
  title={Graph drawing by high-dimensional embedding},
  author={Harel, David and Koren, Yehuda},
  booktitle={International symposium on graph drawing},
  pages={207--219},
  year={2002},
  organization={Springer}
}

@inproceedings{Hachul:2005:ECF:2102325.2102348,
 author = {Hachul, Stefan and J\"{u}nger, Michael},
 title = {An Experimental Comparison of Fast Algorithms for Drawing General Large Graphs},
 booktitle = {Proceedings of the 13th International Conference on Graph Drawing},
 series = {GD'05},
 year = {2006},
 isbn = {3-540-31425-3, 978-3-540-31425-7},
 location = {Limerick, Ireland},
 pages = {235--250},
 numpages = {16},
 url = {http://dx.doi.org/10.1007/11618058_22},
 doi = {10.1007/11618058_22},
 acmid = {2102348},
 publisher = {Springer-Verlag},
 address = {Berlin, Heidelberg},
} 

@article{Hachul2007LargeGraphLA,
  title={Large-Graph Layout Algorithms at Work: An Experimental Study},
  author={Stefan Hachul and Michael J{\"u}nger},
  journal={J. Graph Algorithms Appl.},
  year={2007},
  volume={11},
  pages={345-369}
}

@ARTICLE{468391,
author={R. A. Becker and S. G. Eick and A. R. Wilks},
journal={IEEE Transactions on Visualization and Computer Graphics},
title={Visualizing network data},
year={1995},
volume={1},
number={1},
pages={16-28},
keywords={data visualisation;user interfaces;telecommunication computing;matrix algebra;network data visualization;static network displays;geographical relationships;matrix arrangement;network links;direct manipulation techniques;SeeNet;parameter focusing;network data analysis;interactive graphics;Data visualization;Displays;Data analysis;Personal communication networks;Statistics;Communication networks;Computer graphics;Data communication;IP networks;Computer networks},
doi={10.1109/2945.468391},
ISSN={1077-2626},
month={March},}

@article{shneiderman1992tree,
  title={Tree visualization with tree-maps: 2-d space-filling approach},
  author={Shneiderman, Ben},
  journal={ACM Transactions on graphics (TOG)},
  volume={11},
  number={1},
  pages={92--99},
  year={1992},
  publisher={ACM}
}

@book{kaufmann2003drawing,
  title={Drawing graphs: methods and models},
  author={Kaufmann, Michael and Wagner, Dorothea},
  volume={2025},
  year={2003},
  publisher={Springer}
}

@book{tamassia2013handbook,
  title={Handbook of graph drawing and visualization},
  author={Tamassia, Roberto},
  year={2013},
  publisher={Chapman and Hall/CRC}
}

@book{Newman:2010:NI:1809753,
 author = {Newman, Mark},
 title = {Networks: An Introduction},
 year = {2010},
 isbn = {0199206651, 9780199206650},
 publisher = {Oxford University Press, Inc.},
 address = {New York, NY, USA},
} 

@article{girvan2002community,
  title={Community structure in social and biological networks},
  author={Girvan, Michelle and Newman, Mark EJ},
  journal={Proceedings of the national academy of sciences},
  volume={99},
  number={12},
  pages={7821--7826},
  year={2002},
  publisher={National Acad Sciences}
}

@inproceedings{purchase1997aesthetic,
  title={Which aesthetic has the greatest effect on human understanding?},
  author={Purchase, Helen},
  booktitle={International Symposium on Graph Drawing},
  pages={248--261},
  year={1997},
  organization={Springer}
}

@article{purchase1998performance,
  title={Performance of layout algorithms: Comprehension, not computation},
  author={Purchase, Helen C},
  journal={Journal of Visual Languages \& Computing},
  volume={9},
  number={6},
  pages={647--657},
  year={1998},
  publisher={Academic Press}
}

@article{purchase2002empirical,
  title={Empirical evaluation of aesthetics-based graph layout},
  author={Purchase, Helen C and Carrington, David and Allder, Jo-Anne},
  journal={Empirical Software Engineering},
  volume={7},
  number={3},
  pages={233--255},
  year={2002},
  publisher={Springer}
}

@article{olsen2012tobii,
  title={The Tobii I-VT fixation filter},
  author={Olsen, Anneli},
  journal={Tobii Technology},
  year={2012}
}

@article{newman2004detecting,
  title={Detecting community structure in networks},
  author={Newman, Mark EJ},
  journal={The European Physical Journal B},
  volume={38},
  number={2},
  pages={321--330},
  year={2004},
  publisher={Springer}
}

@article{clauset2004finding,
  title={Finding community structure in very large networks},
  author={Clauset, Aaron and Newman, Mark EJ and Moore, Cristopher},
  journal={Physical review E},
  volume={70},
  number={6},
  pages={066111},
  year={2004},
  publisher={APS}
}

@inproceedings{wakita2007finding,
  title={Finding community structure in mega-scale social networks},
  author={Wakita, Ken and Tsurumi, Toshiyuki},
  booktitle={Proceedings of the 16th international conference on World Wide Web},
  pages={1275--1276},
  year={2007},
  organization={ACM}
}

@article{lloyd1982least,
  title={Least squares quantization in PCM},
  author={Lloyd, Stuart},
  journal={IEEE transactions on information theory},
  volume={28},
  number={2},
  pages={129--137},
  year={1982},
  publisher={IEEE}
}

@inproceedings{navlakha2009finding,
  title={Finding biologically accurate clusterings in hierarchical tree decompositions using the variation of information},
  author={Navlakha, Saket and White, James and Nagarajan, Niranjan and Pop, Mihai and Kingsford, Carl},
  booktitle={Annual International Conference on Research in Computational Molecular Biology},
  pages={400--417},
  year={2009},
  organization={Springer}
}


@article{doi:10.1177/1473871612455749,
author = {Helen Gibson and Joe Faith and Paul Vickers},
title ={A survey of two-dimensional graph layout techniques for information visualisation},
journal = {Information Visualization},
volume = {12},
number = {3-4},
pages = {324-357},
year = {2013},
doi = {10.1177/1473871612455749},

URL = { 
        https://doi.org/10.1177/1473871612455749
    
},
eprint = { 
        https://doi.org/10.1177/1473871612455749
    
}
,
    abstract = { Many algorithms for graph layout have been devised over the last 30 years spanning both the graph drawing and information visualisation communities. This article first reviews the advances made in the field of graph drawing that have then often been applied by the information visualisation community. There then follows a discussion of a range of techniques developed specifically for graph visualisations. Graph drawing algorithms are categorised into the following approaches: force-directed layouts, the use of dimension reduction in graph layout and computational improvements including multi-level techniques. Methods developed specifically for graph visualisation often make use of node-attributes and are categorised based on whether the attributes are used to introduce constraints to the layout, provide a clustered view or define an explicit representation in two-dimensional space. The similarities and distinctions between these techniques are examined and the aim is to provide a detailed assessment of currently available graph layout techniques, specifically how they can be used by visualisation practitioners, and to motivate further research in the area. }
}

@Misc{gibweb,
author = {Nozomi Aoyama},
title = {A website GIB.},
note = "\url{http://gib.jgs-hd.com/}",
}
